@article{zhang2004spatial,
  title={Spatial queries in the presence of obstacles},
  author={Zhang, Jun and Papadias, Dimitris and Mouratidis, Kyriakos and Zhu, Manli},
  journal={Advances in Database Technology-EDBT 2004},
  pages={567--568},
  year={2004},
  publisher={Springer}
}

@inproceedings{xia2004fast,
  title={A fast filter for obstructed nearest neighbor queries},
  author={Xia, Chenyi and Hsu, David and Tung, Anthony KH},
  booktitle={British National Conference on Databases},
  pages={203--215},
  year={2004},
  organization={Springer}
}

@article{mitchell19921,
  title={L 1 shortest paths among polygonal obstacles in the plane},
  author={Mitchell, Joseph SB},
  journal={Algorithmica},
  volume={8},
  number={1},
  pages={55--88},
  year={1992},
  publisher={Springer}
}

@inproceedings{gao2011efficient,
  title={On efficient obstructed reverse nearest neighbor query processing},
  author={Gao, Yunjun and Yang, Jiacheng and Chen, Gang and Zheng, Baihua and Chen, Chun},
  booktitle={Proceedings of the 19th ACM SIGSPATIAL international conference on advances in
    Geographic Information Systems},
  pages={191--200},
  year={2011},
  organization={ACM}
}

@article{gao2016reverse,
  title={Reverse k-nearest neighbor search in the presence of obstacles},
  author={Gao, Yunjun and Liu, Qing and Miao, Xiaoye and Yang, Jiacheng},
  journal={Information Sciences},
  volume={330},
  pages={274--292},
  year={2016},
  publisher={Elsevier}
}

@book{guttman1984r,
  title={R-trees: A dynamic index structure for spatial searching},
  author={Guttman, Antonin},
  volume={14},
  number={2},
  year={1984},
  publisher={ACM}
}

@techreport{sellis1987r+,
  title={The R+-Tree: A Dynamic Index for Multi-Dimensional Objects.},
  author={Sellis, Timos and Roussopoulos, Nick and Faloutsos, Christos},
  year={1987}
}

@inproceedings{beckmann1990r,
  title={The R*-tree: an efficient and robust access method for points and rectangles},
  author={Beckmann, Norbert and Kriegel, Hans-Peter and Schneider, Ralf and Seeger, Bernhard},
  booktitle={Acm Sigmod Record},
  volume={19},
  number={2},
  pages={322--331},
  year={1990},
  organization={ACM}
}

@techreport{kamel1993hilbert,
  title={Hilbert R-tree: An improved R-tree using fractals},
  author={Kamel, Ibrahim and Faloutsos, Christos},
  year={1993}
}

@inproceedings{ronald1986pathfinding,
author={Ronald C. Arkin},
title={Path Planning For A Vision-Based Autonomous Robot},
journal={Proc.SPIE},
volume={0727},
number={},
pages={0727 - 0727 - 11},
year={1987},
}

@inproceedings{kallmann2005path,
  title={Path planning in triangulations},
  author={Kallmann, Marcelo},
  booktitle={Proceedings of the IJCAI workshop on reasoning, representation, and learning in computer games},
  pages={49--54},
  year={2005}
}

@inproceedings{demyen2006efficient,
  title={Efficient triangulation-based pathfinding},
  author={Demyen, Douglas and Buro, Michael},
  booktitle={Aaai},
  volume={6},
  pages={942--947},
  year={2006}
}

@article{cuicompromise,
  title={Compromise-free Pathfinding on a Navigation Mesh},
  author={Cui, Michael L and Harabor, Daniel D and Grastien, Alban and Data61, Canberra},
  year={2017},
  journal={IJCAI}
}

@misc{OpenStreetMap,
 author = {{OpenStreetMap contributors}},
 title = {{Planet dump retrieved from https://planet.osm.org }},
 howpublished = "\url{ https://www.openstreetmap.org }",
 year = {2017},
}

@article{chew1989constrained,
  title={Constrained delaunay triangulations},
  author={Chew, L Paul},
  journal={Algorithmica},
  volume={4},
  number={1-4},
  pages={97--108},
  year={1989},
  publisher={Springer}
}

@article{hershberger1989optimal,
  title={An optimal visibility graph algorithm for triangulated simple polygons},
  author={Hershberger, John},
  journal={Algorithmica},
  volume={4},
  number={1-4},
  pages={141--155},
  year={1989},
  publisher={Springer}
}

@incollection{de2000computational,
  title={Computational geometry},
  author={De Berg, Mark and Van Kreveld, Marc and Overmars, Mark and Schwarzkopf, Otfried Cheong},
  booktitle={Computational geometry},
  pages={1--17},
  year={2000},
  publisher={Springer}
}

@article{lozano1979algorithm,
  title={An algorithm for planning collision-free paths among polyhedral obstacles},
  author={Lozano-P{\'e}rez, Tom{\'a}s and Wesley, Michael A},
  journal={Communications of the ACM},
  volume={22},
  number={10},
  pages={560--570},
  year={1979},
  publisher={ACM}
}

@article{ghosh1991output,
  title={An output-sensitive algorithm for computing visibility graphs},
  author={Ghosh, Subir Kumar and Mount, David M},
  journal={SIAM Journal on Computing},
  volume={20},
  number={5},
  pages={888--910},
  year={1991},
  publisher={SIAM}
}

@inproceedings{sinyukov2017cwave,
  title={CWave: High-performance single-source any-angle path planning on a grid},
  author={Sinyukov, Dmitry A and Padir, Ta{\c{s}}kin},
  booktitle={Robotics and Automation (ICRA), 2017 IEEE International Conference on},
  pages={6190--6197},
  year={2017},
  organization={IEEE}
}

@article{daniel2010theta,
  title={Theta*: Any-angle path planning on grids},
  author={Daniel, Kenny and Nash, Alex and Koenig, Sven and Felner, Ariel},
  journal={Journal of Artificial Intelligence Research},
  volume={39},
  pages={533--579},
  year={2010}
}

@inproceedings{harabor2013optimal,
  title={An Optimal Any-Angle Pathfinding Algorithm.},
  author={Harabor, Daniel Damir and Grastien, Alban and others},
  booktitle={ICAPS},
  year={2013}
}

@inproceedings{ooi1987spatial,
  title={Spatial kd-tree: An indexing mechanism for spatial databases},
  author={Ooi, Beng Chin and McDonell, Ken J and Sacks-Davis, Ron},
  booktitle={IEEE COMPSAC},
  volume={87},
  pages={85},
  year={1987},
  organization={sn}
}

@inproceedings{gao2009continuous,
  title={Continuous obstructed nearest neighbor queries in spatial databases},
  author={Gao, Yunjun and Zheng, Baihua},
  booktitle={Proceedings of the 2009 ACM SIGMOD International Conference on Management of data},
  pages={577--590},
  year={2009},
  organization={ACM}
}

@Article{	  mitchell87,
  author	= { Joseph S. B. Mitchell and David M. Mount and Christos H.
		  Papadimitriou },
  title		= {{T}he {D}iscrete {G}eodesic {P}roblem},
  journal	= { SIAM Journal on Computing },
  volume	= {16},
  number	= {4},
  year		= {1987},
  pages		= {647--668},
  doi		= {http://dx.doi.org/10.1137/0216045}
}

@article{fredman1987fibonacci,
  title={Fibonacci heaps and their uses in improved network optimization algorithms},
  author={Fredman, Michael L and Tarjan, Robert Endre},
  journal={Journal of the ACM (JACM)},
  volume={34},
  number={3},
  pages={596--615},
  year={1987},
  publisher={ACM}
}

@article{sharir1986shortest,
  title={On shortest paths in polyhedral spaces},
  author={Sharir, Micha and Schorr, Amir},
  journal={SIAM Journal on Computing},
  volume={15},
  number={1},
  pages={193--215},
  year={1986},
  publisher={SIAM}
}

@inproceedings{wang2016efficiently,
  title={Efficiently computing reverse k furthest neighbors},
  author={Wang, Shenlu and Cheema, Muhammad Aamir and Lin, Xuemin and Zhang, Ying and Liu, Dongxi},
  booktitle={Data Engineering (ICDE), 2016 IEEE 32nd International Conference on},
  pages={1110--1121},
  year={2016},
  organization={IEEE}
}

@article{abeywickrama2016k,
  title={K-nearest neighbors on road networks: a journey in experimentation and in-memory implementation},
  author={Abeywickrama, Tenindra and Cheema, Muhammad Aamir and Taniar, David},
  journal={Proceedings of the VLDB Endowment},
  volume={9},
  number={6},
  pages={492--503},
  year={2016},
  publisher={VLDB Endowment}
}